%% LaTeX2e file `references.bib'
%% generated by the `filecontents' environment
%% from source `template' on 2025/07/20.
%%
@article{lu2024aiscientist,
  title={The {AI} {S}cientist: Towards Fully Automated Open-Ended Scientific Discovery},
  author={Lu, Chris and Lu, Cong and Lange, Robert Tjarko and Foerster, Jakob and Clune, Jeff and Ha, David},
  journal={arXiv preprint arXiv:2408.06292},
  year={2024}
}

@book{goodfellow2016deep,
  title={Deep learning},
  author={Goodfellow, Ian and Bengio, Yoshua and Courville, Aaron and Bengio, Yoshua},
  volume={1},
  year={2016},
  publisher={MIT Press}
}

@article{power2022grokking,
  title={Grokking: Generalization beyond overfitting on small algorithmic datasets},
  author={Power, Alethea and Burda, Yuri and Edwards, Harri and Babuschkin, Igor and Misra, Vedant},
  journal={arXiv preprint arXiv:2201.02177},
  year={2022}
}

@article{vaswani2017attention,
  title={Attention is all you need},
  author={Vaswani, Ashish and Shazeer, Noam and Parmar, Niki and Uszkoreit, Jakob and Jones, Llion and Gomez, Aidan N and Kaiser, {\L}ukasz and Polosukhin, Illia},
  journal={Advances in neural information processing systems},
  volume={30},
  year={2017}
}

@article{kingma2014adam,
  title={Adam: A method for stochastic optimization},
  author={Kingma, Diederik P and Ba, Jimmy},
  journal={arXiv preprint arXiv:1412.6980},
  year={2014}
}

@article{ba2016layer,
  title={Layer normalization},
  author={Ba, Jimmy Lei and Kiros, Jamie Ryan and Hinton, Geoffrey E},
  journal={arXiv preprint arXiv:1607.06450},
  year={2016}
}

@article{loshchilov2017adamw,
  title={Decoupled weight decay regularization},
  author={Loshchilov, Ilya and Hutter, Frank},
  journal={arXiv preprint arXiv:1711.05101},
  year={2017}
}

@article{radford2019language,
  title={Language Models are Unsupervised Multitask Learners},
  author={Radford, Alec and Wu, Jeff and Child, Rewon and Luan, David and Amodei, Dario and Sutskever, Ilya},
  year={2019}
}

@article{bahdanau2014neural,
  title={Neural machine translation by jointly learning to align and translate},
  author={Bahdanau, Dzmitry and Cho, Kyunghyun and Bengio, Yoshua},
  journal={arXiv preprint arXiv:1409.0473},
  year={2014}
}

@article{paszke2019pytorch,
  title={Pytorch: An imperative style, high-performance deep learning library},
  author={Paszke, Adam and Gross, Sam and Massa, Francisco and Lerer, Adam and Bradbury, James and Chanan, Gregory and Killeen, Trevor and Lin, Zeming and Gimelshein, Natalia and Antiga, Luca and others},
  journal={Advances in neural information processing systems},
  volume={32},
  year={2019}
}

@Article{Belkin2018ReconcilingMM,
 author = {M. Belkin and Daniel J. Hsu and Siyuan Ma and Soumik Mandal},
 booktitle = {arXiv.org},
 journal = {ArXiv},
 title = {Reconciling modern machine learning and the bias-variance trade-off},
 volume = {abs/1812.11118},
 year = {2018}
}


@Article{Tay2020EfficientTA,
 author = {Yi Tay and Mostafa Dehghani and Dara Bahri and Donald Metzler},
 booktitle = {ACM Computing Surveys},
 journal = {ACM Computing Surveys},
 pages = {1 - 28},
 title = {Efficient Transformers: A Survey},
 volume = {55},
 year = {2020}
}


@Article{Damian2022NeuralNC,
 author = {Alexandru Damian and Jason D. Lee and M. Soltanolkotabi},
 booktitle = {Annual Conference Computational Learning Theory},
 journal = {ArXiv},
 title = {Neural Networks can Learn Representations with Gradient Descent},
 volume = {abs/2206.15144},
 year = {2022}
}


@Article{Graves2014NeuralTM,
 author = {Alex Graves and Greg Wayne and Ivo Danihelka},
 booktitle = {arXiv.org},
 journal = {ArXiv},
 title = {Neural Turing Machines},
 volume = {abs/1410.5401},
 year = {2014}
}


@Article{Kawaguchi2016DeepLW,
 author = {Kenji Kawaguchi},
 booktitle = {Neural Information Processing Systems},
 journal = {ArXiv},
 title = {Deep Learning without Poor Local Minima},
 volume = {abs/1605.07110},
 year = {2016}
}


@Article{Zhang2016UnderstandingDL,
 author = {Chiyuan Zhang and Samy Bengio and Moritz Hardt and B. Recht and O. Vinyals},
 booktitle = {International Conference on Learning Representations},
 journal = {ArXiv},
 title = {Understanding deep learning requires rethinking generalization},
 volume = {abs/1611.03530},
 year = {2016}
}


@Article{d'Ascoli2020DoubleTI,
 author = {St√©phane d'Ascoli and Maria Refinetti and G. Biroli and Florent Krzakala},
 booktitle = {International Conference on Machine Learning},
 journal = {ArXiv},
 title = {Double Trouble in Double Descent : Bias and Variance(s) in the Lazy Regime},
 volume = {abs/2003.01054},
 year = {2020}
}


@Article{Hestness2017DeepLS,
 author = {Joel Hestness and Sharan Narang and Newsha Ardalani and G. Diamos and Heewoo Jun and Hassan Kianinejad and Md. Mostofa Ali Patwary and Yang Yang and Yanqi Zhou},
 booktitle = {arXiv.org},
 journal = {ArXiv},
 title = {Deep Learning Scaling is Predictable, Empirically},
 volume = {abs/1712.00409},
 year = {2017}
}


@Article{Zhang2025IsGA,
 author = {Xiaotian Zhang and Yue Shang and Entao Yang and Ge Zhang},
 booktitle = {arXiv.org},
 journal = {ArXiv},
 title = {Is Grokking a Computational Glass Relaxation?},
 volume = {abs/2505.11411},
 year = {2025}
}


@Article{Liu2022TowardsUG,
 author = {Ziming Liu and Ouail Kitouni and Niklas Nolte and Eric J. Michaud and Max Tegmark and Mike Williams},
 booktitle = {Neural Information Processing Systems},
 journal = {ArXiv},
 title = {Towards Understanding Grokking: An Effective Theory of Representation Learning},
 volume = {abs/2205.10343},
 year = {2022}
}


@Article{Nakkiran2021TheDB,
 author = {Preetum Nakkiran and Behnam Neyshabur and Hanie Sedghi},
 booktitle = {International Conference on Learning Representations},
 title = {The Deep Bootstrap Framework: Good Online Learners are Good Offline Generalizers},
 year = {2021}
}


@Article{Thomas2019OnTI,
 author = {Valentin Thomas and Fabian Pedregosa and B. V. Merrienboer and Pierre-Antoine Mangazol and Yoshua Bengio and Nicolas Le Roux},
 booktitle = {International Conference on Artificial Intelligence and Statistics},
 pages = {3503-3513},
 title = {On the interplay between noise and curvature and its effect on optimization and generalization},
 year = {2019}
}


@Inproceedings{Galanti2022OnTI,
 author = {Tomer Galanti and Liane Galanti and Ido Ben-Shaul},
 title = {On the Implicit Bias Towards Minimal Depth of Deep Neural Networks},
 year = {2022}
}

