%% LaTeX2e file `references.bib'
%% generated by the `filecontents' environment
%% from source `template' on 2025/07/19.
%%
@article{lu2024aiscientist,
  title={The {AI} {S}cientist: Towards Fully Automated Open-Ended Scientific Discovery},
  author={Lu, Chris and Lu, Cong and Lange, Robert Tjarko and Foerster, Jakob and Clune, Jeff and Ha, David},
  journal={arXiv preprint arXiv:2408.06292},
  year={2024}
}

@book{goodfellow2016deep,
  title={Deep learning},
  author={Goodfellow, Ian and Bengio, Yoshua and Courville, Aaron and Bengio, Yoshua},
  volume={1},
  year={2016},
  publisher={MIT Press}
}

@article{vaswani2017attention,
  title={Attention is all you need},
  author={Vaswani, Ashish and Shazeer, Noam and Parmar, Niki and Uszkoreit, Jakob and Jones, Llion and Gomez, Aidan N and Kaiser, {\L}ukasz and Polosukhin, Illia},
  journal={Advances in neural information processing systems},
  volume={30},
  year={2017}
}

@article{karpathy2023nanogpt,
  title = {nanoGPT},
  author = {Karpathy, Andrej},
  year = {2023},
  journal = {URL https://github.com/karpathy/nanoGPT/tree/master},
  note = {GitHub repository}
}

@article{kingma2014adam,
  title={Adam: A method for stochastic optimization},
  author={Kingma, Diederik P and Ba, Jimmy},
  journal={arXiv preprint arXiv:1412.6980},
  year={2014}
}

@article{ba2016layer,
  title={Layer normalization},
  author={Ba, Jimmy Lei and Kiros, Jamie Ryan and Hinton, Geoffrey E},
  journal={arXiv preprint arXiv:1607.06450},
  year={2016}
}

@article{loshchilov2017adamw,
  title={Decoupled weight decay regularization},
  author={Loshchilov, Ilya and Hutter, Frank},
  journal={arXiv preprint arXiv:1711.05101},
  year={2017}
}

@article{radford2019language,
  title={Language Models are Unsupervised Multitask Learners},
  author={Radford, Alec and Wu, Jeff and Child, Rewon and Luan, David and Amodei, Dario and Sutskever, Ilya},
  year={2019}
}

@article{bahdanau2014neural,
  title={Neural machine translation by jointly learning to align and translate},
  author={Bahdanau, Dzmitry and Cho, Kyunghyun and Bengio, Yoshua},
  journal={arXiv preprint arXiv:1409.0473},
  year={2014}
}

@article{paszke2019pytorch,
  title={Pytorch: An imperative style, high-performance deep learning library},
  author={Paszke, Adam and Gross, Sam and Massa, Francisco and Lerer, Adam and Bradbury, James and Chanan, Gregory and Killeen, Trevor and Lin, Zeming and Gimelshein, Natalia and Antiga, Luca and others},
  journal={Advances in neural information processing systems},
  volume={32},
  year={2019}
}

@misc{gpt4,
  title={GPT-4 Technical Report},
  author={OpenAI},
  year={2024},
  eprint={2303.08774},
  archivePrefix={arXiv},
  primaryClass={cs.CL},
  url={https://arxiv.org/abs/2303.08774},
}

@Article{Al-Rfou2018CharacterLevelLM,
 author = {Rami Al-Rfou and Dokook Choe and Noah Constant and Mandy Guo and Llion Jones},
 booktitle = {AAAI Conference on Artificial Intelligence},
 pages = {3159-3166},
 title = {Character-Level Language Modeling with Deeper Self-Attention},
 year = {2018}
}


@Article{Graves2013GeneratingSW,
 author = {Alex Graves},
 booktitle = {arXiv.org},
 journal = {ArXiv},
 title = {Generating Sequences With Recurrent Neural Networks},
 volume = {abs/1308.0850},
 year = {2013}
}


@Article{Gao2020CharacterLevelTW,
 author = {Yingqiang Gao and Nikola I. Nikolov and Yuhuang Hu and Richard H. R. Hahnloser},
 booktitle = {Annual Meeting of the Association for Computational Linguistics},
 pages = {1591-1604},
 title = {Character-Level Translation with Self-attention},
 year = {2020}
}


@Article{Al-Rfou2018CharacterLevelLM,
 author = {Rami Al-Rfou and Dokook Choe and Noah Constant and Mandy Guo and Llion Jones},
 booktitle = {AAAI Conference on Artificial Intelligence},
 pages = {3159-3166},
 title = {Character-Level Language Modeling with Deeper Self-Attention},
 year = {2018}
}


@Article{Ostrogonac2019MorphologybasedVU,
 author = {S. Ostrogonac and E. Pakoci and M. Secujski and D. Mišković},
 booktitle = {Acta Polytechnica Hungarica},
 journal = {Acta Polytechnica Hungarica},
 title = {Morphology-based vs Unsupervised Word Clustering for Training Language Models for Serbian},
 year = {2019}
}


@Article{Sutskever2011GeneratingTW,
 author = {I. Sutskever and James Martens and Geoffrey E. Hinton},
 booktitle = {International Conference on Machine Learning},
 pages = {1017-1024},
 title = {Generating Text with Recurrent Neural Networks},
 year = {2011}
}


@Article{Gulordava2018ColorlessGR,
 author = {Kristina Gulordava and Piotr Bojanowski and Edouard Grave and Tal Linzen and Marco Baroni},
 booktitle = {North American Chapter of the Association for Computational Linguistics},
 pages = {1195-1205},
 title = {Colorless Green Recurrent Networks Dream Hierarchically},
 year = {2018}
}


@Article{Manning2020EmergentLS,
 author = {Christopher D. Manning and Kevin Clark and John Hewitt and Urvashi Khandelwal and Omer Levy},
 booktitle = {Proceedings of the National Academy of Sciences of the United States of America},
 journal = {Proceedings of the National Academy of Sciences},
 pages = {30046 - 30054},
 title = {Emergent linguistic structure in artificial neural networks trained by self-supervision},
 volume = {117},
 year = {2020}
}


@Article{Bengio2003ANP,
 author = {Yoshua Bengio and Réjean Ducharme and Pascal Vincent and Christian Janvin},
 booktitle = {Journal of machine learning research},
 pages = {932-938},
 title = {A Neural Probabilistic Language Model},
 year = {2003}
}


@Article{Kim2015CharacterAwareNL,
 author = {Yoon Kim and Yacine Jernite and D. Sontag and Alexander M. Rush},
 booktitle = {AAAI Conference on Artificial Intelligence},
 pages = {2741-2749},
 title = {Character-Aware Neural Language Models},
 year = {2015}
}


@Article{Alishahi2019AnalyzingAI,
 author = {A. Alishahi and Grzegorz Chrupała and Tal Linzen},
 booktitle = {Natural Language Engineering},
 journal = {Natural Language Engineering},
 pages = {543 - 557},
 title = {Analyzing and interpreting neural networks for NLP: A report on the first BlackboxNLP workshop},
 volume = {25},
 year = {2019}
}


@Article{Kádár2016RepresentationOL,
 author = {Ákos Kádár and Grzegorz Chrupała and A. Alishahi},
 booktitle = {International Conference on Computational Logic},
 journal = {Computational Linguistics},
 pages = {761-780},
 title = {Representation of Linguistic Form and Function in Recurrent Neural Networks},
 volume = {43},
 year = {2016}
}

