%% LaTeX2e file `references.bib'
%% generated by the `filecontents' environment
%% from source `template' on 2025/07/20.
%%
@article{lu2024aiscientist,
  title={The {AI} {S}cientist: Towards Fully Automated Open-Ended Scientific Discovery},
  author={Lu, Chris and Lu, Cong and Lange, Robert Tjarko and Foerster, Jakob and Clune, Jeff and Ha, David},
  journal={arXiv preprint arXiv:2408.06292},
  year={2024}
}

@book{goodfellow2016deep,
  title={Deep learning},
  author={Goodfellow, Ian and Bengio, Yoshua and Courville, Aaron and Bengio, Yoshua},
  volume={1},
  year={2016},
  publisher={MIT Press}
}

@article{power2022grokking,
  title={Grokking: Generalization beyond overfitting on small algorithmic datasets},
  author={Power, Alethea and Burda, Yuri and Edwards, Harri and Babuschkin, Igor and Misra, Vedant},
  journal={arXiv preprint arXiv:2201.02177},
  year={2022}
}

@article{vaswani2017attention,
  title={Attention is all you need},
  author={Vaswani, Ashish and Shazeer, Noam and Parmar, Niki and Uszkoreit, Jakob and Jones, Llion and Gomez, Aidan N and Kaiser, {\L}ukasz and Polosukhin, Illia},
  journal={Advances in neural information processing systems},
  volume={30},
  year={2017}
}

@article{kingma2014adam,
  title={Adam: A method for stochastic optimization},
  author={Kingma, Diederik P and Ba, Jimmy},
  journal={arXiv preprint arXiv:1412.6980},
  year={2014}
}

@article{ba2016layer,
  title={Layer normalization},
  author={Ba, Jimmy Lei and Kiros, Jamie Ryan and Hinton, Geoffrey E},
  journal={arXiv preprint arXiv:1607.06450},
  year={2016}
}

@article{loshchilov2017adamw,
  title={Decoupled weight decay regularization},
  author={Loshchilov, Ilya and Hutter, Frank},
  journal={arXiv preprint arXiv:1711.05101},
  year={2017}
}

@article{radford2019language,
  title={Language Models are Unsupervised Multitask Learners},
  author={Radford, Alec and Wu, Jeff and Child, Rewon and Luan, David and Amodei, Dario and Sutskever, Ilya},
  year={2019}
}

@article{bahdanau2014neural,
  title={Neural machine translation by jointly learning to align and translate},
  author={Bahdanau, Dzmitry and Cho, Kyunghyun and Bengio, Yoshua},
  journal={arXiv preprint arXiv:1409.0473},
  year={2014}
}

@article{paszke2019pytorch,
  title={Pytorch: An imperative style, high-performance deep learning library},
  author={Paszke, Adam and Gross, Sam and Massa, Francisco and Lerer, Adam and Bradbury, James and Chanan, Gregory and Killeen, Trevor and Lin, Zeming and Gimelshein, Natalia and Antiga, Luca and others},
  journal={Advances in neural information processing systems},
  volume={32},
  year={2019}
}

@Article{Shan2024OrderPA,
 author = {Haozhe Shan and Qianyi Li and H. Sompolinsky},
 booktitle = {arXiv.org},
 journal = {ArXiv},
 title = {Order parameters and phase transitions of continual learning in deep neural networks},
 volume = {abs/2407.10315},
 year = {2024}
}


@Inproceedings{Tamai2023UniversalSL,
 author = {Keiichi Tamai and T. Okubo and T. V. Duy and N. Natori and S. Todo},
 title = {Universal Scaling Laws of Absorbing Phase Transitions in Artificial Deep Neural Networks},
 year = {2023}
}


@Article{Baldassi2021LearningTA,
 author = {Carlo Baldassi and Clarissa Lauditi and E. Malatesta and R. Pacelli and Gabriele Perugini and R. Zecchina},
 booktitle = {Physical Review E},
 journal = {Physical review. E},
 pages = {
          014116
        },
 title = {Learning through atypical "phase transitions" in overparameterized neural networks},
 volume = {106 1-1},
 year = {2021}
}


@Article{Neyshabur2017ExploringGI,
 author = {Behnam Neyshabur and Srinadh Bhojanapalli and D. McAllester and N. Srebro},
 booktitle = {Neural Information Processing Systems},
 pages = {5947-5956},
 title = {Exploring Generalization in Deep Learning},
 year = {2017}
}


@Article{Zhang2016UnderstandingDL,
 author = {Chiyuan Zhang and Samy Bengio and Moritz Hardt and B. Recht and O. Vinyals},
 booktitle = {International Conference on Learning Representations},
 journal = {ArXiv},
 title = {Understanding deep learning requires rethinking generalization},
 volume = {abs/1611.03530},
 year = {2016}
}


@Article{Voita2019AnalyzingMS,
 author = {Elena Voita and David Talbot and F. Moiseev and Rico Sennrich and Ivan Titov},
 booktitle = {Annual Meeting of the Association for Computational Linguistics},
 journal = {ArXiv},
 title = {Analyzing Multi-Head Self-Attention: Specialized Heads Do the Heavy Lifting, the Rest Can Be Pruned},
 volume = {abs/1905.09418},
 year = {2019}
}


@Article{Clark2019WhatDB,
 author = {Kevin Clark and Urvashi Khandelwal and Omer Levy and Christopher D. Manning},
 booktitle = {BlackboxNLP@ACL},
 pages = {276-286},
 title = {What Does BERT Look at? An Analysis of BERTâ€™s Attention},
 year = {2019}
}


@Article{Saxe2013ExactST,
 author = {Andrew M. Saxe and James L. McClelland and S. Ganguli},
 booktitle = {International Conference on Learning Representations},
 journal = {CoRR},
 title = {Exact solutions to the nonlinear dynamics of learning in deep linear neural networks},
 volume = {abs/1312.6120},
 year = {2013}
}


@Article{Zhai2023StabilizingTT,
 author = {Shuangfei Zhai and T. Likhomanenko and Etai Littwin and Dan Busbridge and Jason Ramapuram and Yizhe Zhang and Jiatao Gu and J. Susskind},
 booktitle = {International Conference on Machine Learning},
 journal = {ArXiv},
 title = {Stabilizing Transformer Training by Preventing Attention Entropy Collapse},
 volume = {abs/2303.06296},
 year = {2023}
}


@Article{Advani2017HighdimensionalDO,
 author = {Madhu S. Advani and Andrew M. Saxe},
 booktitle = {Neural Networks},
 journal = {Neural Networks},
 pages = {428 - 446},
 title = {High-dimensional dynamics of generalization error in neural networks},
 volume = {132},
 year = {2017}
}


@Article{Sutskever2014SequenceTS,
 author = {I. Sutskever and O. Vinyals and Quoc V. Le},
 booktitle = {Neural Information Processing Systems},
 journal = {ArXiv},
 title = {Sequence to Sequence Learning with Neural Networks},
 volume = {abs/1409.3215},
 year = {2014}
}

